@article{Mahe,
author={Pierre, Mahé and Nobuhisa, Ueda and Tatsuya, Akutsu and Jean-Luc, Perret and Jena-Philippe, Vert},
title={Graph Kernels for Molecular Structure-Activity Relationship Analysis with Support Vector Machines},
journal={Journal of Chemical Information and Modeling},
year={2005}
}

@article{He,
author={Helma, Christophe and Cramer, Tobias and Kramer, Stephan and DeRaedt, Luc},
title={Data Mining and Machine Learning Techniques for the Identification of Mutagenicity Inducing Substructures and Structure Activity Relationships of Noncongeneric Compounds},
journal={Journal of Chemical Information and Modeling},
year={2003}
}

@article{Ka,
author={Kashima, H. and Tsuda, K. and Inokuchi, A.},
title={Marginalized Kernels between Labeled Graphs.},
journal={Proceedings of the Twentieth International Conference on Machine Learning},
year={2003}
}

@inproceedings{Kashi,
author={Marginalized Kernels Between Labeled Graphs},
title={Hisachi, Kashima and Koji, Tsuda and Akihiro, Inokuchi},
booktitle={Proceedings of the Twentieth International Conference on Machine Learning},
year={2003}
}

@book{Hard,% Gärt
author={Thomas, Gärtner and Peter, Flach and Stefan, Wrobel},
title={On Graph Kernels : Hardness Results and Efficient Alternatives},
publisher={Springer Verlag},
year={2003}
}

@unpublished{Lj,
author={Jacob, Laurent},
title={Statistique en grande dimension pour la génomique},
year={2016-2017}
}

@article{Ar,
author={Aronstajn, N.},
title={Theory of Reproducing Kernels},
journal={Transactions of American Mathematical Society},
year={1950}
}
